<?xml version="1.0" encoding="UTF-8"?><collection xmlns="http://www.loc.gov/MARC21/slim"><record><leader>00465nam--2200169-i-4500</leader><controlfield tag="001">000008842</controlfield><controlfield tag="002">20161230</controlfield><controlfield tag="005">20161230201027</controlfield><controlfield tag="008">060222s1000------------r-----000-0-eng-d</controlfield><datafield ind1=" " ind2=" " tag="040"><subfield code="a">IFIN-HH</subfield></datafield><datafield ind1=" " ind2=" " tag="080"><subfield code="a">539.143.43:547</subfield></datafield><datafield ind1="1" ind2=" " tag="100"><subfield code="a">Bovey, Frank A</subfield></datafield><datafield ind1="1" ind2="0" tag="245"><subfield code="a">Nmr data tables for organic compounds</subfield><subfield code="b">Volume 1</subfield><subfield code="c">Frank a. bovey</subfield></datafield><datafield ind1=" " ind2=" " tag="260"><subfield code="a">New York</subfield><subfield code="b">Interscience Publishers</subfield><subfield code="c">1967</subfield></datafield><datafield ind1=" " ind2=" " tag="300"><subfield code="a">610 P</subfield></datafield><datafield ind1=" " ind2=" " tag="852"><subfield code="a">30719</subfield><subfield code="c">539.143.43</subfield></datafield><datafield ind1=" " ind2=" " tag="CAT"><subfield code="a">Sys</subfield><subfield code="c">20120503</subfield><subfield code="h">151027</subfield></datafield></record></collection>